<?xml version="1.0" encoding="UTF-8"?><collection xmlns="http://www.loc.gov/MARC21/slim"><record><leader>00575nam--2200181-i-4500</leader><controlfield tag="001">000002861</controlfield><controlfield tag="002">20161230</controlfield><controlfield tag="005">20161230201025</controlfield><controlfield tag="008">060222s1000------------r-----000-0-eng-d</controlfield><datafield ind1=" " ind2=" " tag="040"><subfield code="a">IFIN-HH</subfield></datafield><datafield ind1=" " ind2=" " tag="080"><subfield code="a">537.226:621.315.5</subfield></datafield><datafield ind1="1" ind2=" " tag="100"><subfield code="a">Hippel, Arthur R.Von</subfield></datafield><datafield ind1="1" ind2="0" tag="245"><subfield code="a">Dielectric materials and applications</subfield><subfield code="b">Papers by twenty-two contributors</subfield><subfield code="c">Arthur r.von hippel (ed.)</subfield></datafield><datafield ind1=" " ind2=" " tag="260"><subfield code="a">New York</subfield><subfield code="b">John Wiley &amp; Sons, Inc</subfield><subfield code="c">1954</subfield></datafield><datafield ind1=" " ind2=" " tag="300"><subfield code="a">XII+438P</subfield></datafield><datafield ind1=" " ind2=" " tag="490"><subfield code="a">Technology Press Books In Science And Engineering</subfield></datafield><datafield ind1=" " ind2=" " tag="852"><subfield code="a">10838</subfield><subfield code="c">537.226</subfield></datafield><datafield ind1=" " ind2=" " tag="CAT"><subfield code="a">Sys</subfield><subfield code="c">20110705</subfield><subfield code="h">134623</subfield></datafield></record></collection>